@book{hoang2018formule,
  title={La Formule du Savoir: Une philosophie unifiée du savoir fondée sur le théorème de Bayes},
  author={Hoang, L.N.},
  isbn={9782759822614},
  series={HORS COLLECTION},
  url={https://books.google.fr/books?id=6xdgDwAAQBAJ},
  year={2018},
  publisher={EDP sciences}
}
@book{healy2018dataviz,
  title={Data Visualization: A Practical Introduction},
  author={Healy, K.},
  isbn={9780691181622},
  lccn={2018935810},
  url={https://kieranhealy.org/publications/dataviz/},
  year={2018},
  publisher={Princeton University Press}
}
